@article{komatsu,
  title={月の満ち欠けの理解を促す {AR} 教材の開発と評価},
  author={小松祐貴 and 渡邉悠也 and 鬼木哲人 and 中野博幸 and 久保田善彦},
  journal={科学教育研究},
  volume={37},
  number={4},
  pages={307--316},
  year={2013},
  publisher={一般社団法人 日本科学教育学会}
}

@article{setozaki,
  title={タブレット端末を活用した天体学習用 {AR} テキストの評価},
  author={瀬戸崎典夫 and 上妻尭甫 and 岩崎勤 and 森田裕介},
  journal={日本教育工学会論文誌},
  volume={36},
  number={Suppl.},
  pages={185--188},
  year={2012},
  publisher={日本教育工学会}
}

@article{maekawa,
  title={ストーリ性を付加した {AR} キャラクタインタラクションによる表音文字学習システム},
  author={前川紗那 and 中谷友香梨 and 米澤朋子},
  journal={電子情報通信学会論文誌 D},
  volume={98},
  number={1},
  pages={71--82},
  year={2015},
  publisher={The Institute of Electronics, Information and Communication Engineers}
}

@article{oaks,
  title={Storytelling: {A} {Natural} {Mnemonic}},
  author={Oaks, T},
  journal={Unpublished Doctoral Dissertation). UT Knoxville Library, Knoxville, TN},
  year={1995}
}

@article{hujimoto,
  title={拡張現実感における情報提示の特性とユーザの記憶効率の関連性},
  author={藤本雄一郎 and 山本豪志朗 and 武富貴史 and 宮崎純 and 加藤博一},
  journal={日本バーチャルリアリティ学会論文誌},
  volume={18},
  number={1},
  pages={81--91},
  year={2013},
  publisher={特定非営利活動法人 日本バーチャルリアリティ学会}
}

@article{hoshi,
  title={{VR/AR/MR} の産業分野への応用展開},
  author={星貴之 and 檜山敦 and 稲見昌彦},
  journal={精密工学会誌},
  volume={83},
  number={6},
  pages={485--488},
  year={2017},
  publisher={公益社団法人 精密工学会}
}

@article{ikea,
  title={Ikea Place is an AR app that lets you put furniture on the street},
  author={Lee, D},
  journal={The Verge},
  year={2017}
}

@article{tsuji,
  title={Web 型自発学習促進クラス授業支援システムの開発},
  author={辻昌之 and 植木泰博 and 冬木正彦 and 北村裕 and others},
  journal={第 65 回全国大会講演論文集},
  volume={2003},
  number={1},
  pages={371--372},
  year={2003}
}

@book{oomu,
  editor    = {オーム社 and 先進学習基盤協議会 and 経済産業省商務情報政策局情報処理振興課 and 日本イーラーニングコンソシアム},
  title     = {eラーニング白書},
  publisher = {オーム社},
  year      = {2001}
  }

@article{hasegawa,
  title={大学教育でのタブレット端末の利用とその効果},
  author={長谷川旭 and 長谷川聡 and 本多一彦 and 山住富也 and 佐原理},
  journal={コンピュータ \& エデュケーション},
  volume={31},
  pages={70--73},
  year={2011},
  publisher={一般社団法人 CIEC}
}

@article{okumura,
  title={{AR} 等の新しい技術を教育現場に普及させるための視点に関する一考察},
  author={奥村英樹 and others},
  journal={四国大学紀要= Bulletin of Shikoku University},
  volume={47},
  pages={21--28},
  year={2016}
}

@article{okano,
  title={現代中学生の歴史意識の現状と課題: 茨城県土浦市新治},
  author={岡野英輝 and 木村勝彦},
  journal={茨城大学教育学部紀要. 教育科学},
  volume={59},
  pages={1--20},
  year={2010}
}

@book{brien,
  title={{Learn} to {Remember}: {Practical} {Techniques} and {Excerises} to Improve {Your} {Memory}},
  author={O'Brien, Dominic},
  year={2000},
  publisher={Chronicle Books}
}

@article{fran,
  title={Systems {BV} (2015)},
  author={Inter, IKEA},
  journal={IKEA 2015 Worldwide Facts \& Figures},
  year={2015}
}

@article{wbt,
  title={{WBT} による形成的評価の改善},
  author={生田目康子},
  journal={日本教育工学会論文誌},
  volume={29},
  number={4},
  pages={483--490},
  year={2006},
  publisher={日本教育工学会}
}

@book{rekishi,
  author    = {「新編新しい日本の歴史」教師用指導書編集委員会},
  title     = {新編新しい日本の歴史 : 教師用指導書},
  publisher = {育鵬社},
  year      = {2016}
}

@book{html,
  title={詳解 {HTML\&CSS\&}{Java}{Script} 辞典},
  author={大藤幹 and 半場方人},
  year={2017},
  publisher={秀和システム}
}

@article{toolkit,
  title={拡張現実感システム構築ツール {ART}ool{Kit} の開発},
  author={加藤博一},
  journal={電子情報通信学会技術研究報告. PRMU, パターン認識・メディア理解},
  volume={101},
  number={652},
  pages={79--86},
  year={2002},
  publisher={一般社団法人電子情報通信学会}
}

@article{vuforia,
  title={Comparative study of augmented reality {SDK}s},
  author={Amin, Dhiraj and Govilkar, Sharvari},
  journal={International Journal on Computational Science \& Applications},
  volume={5},
  number={1},
  pages={11--26},
  year={2015}
}

@article{ceas,
  title={Web 型自発学習促進クラス授業支援システム {CEAS} の開発},
  author={冬木正彦 and 辻昌之 and 植木泰博 and 荒川雅裕 and 北村裕},
  journal={教育システム情報学会誌},
  volume={21},
  number={4},
  pages={343--354},
  year={2004}
}

@article{magic,
  title={{The} {Magic}{Book}: a transitional {AR} interface},
  author={Billinghurst, Mark and Kato, Hirokazu and Poupyrev, Ivan},
  journal={Computers \& Graphics},
  volume={25},
  number={5},
  pages={745--753},
  year={2001},
  publisher={Elsevier}
}

@article{laten,
  title={On efficient computational schemes to calculate structural failure probabilities,
  author={Schueller, G.I., Bucher, C., Bourgund, U., Ouypornprasert, W.},
  journal={Probabilistic Engineering Mechanics},
  volume={4},
  number={1},
  pages={10--18},
  year={1989},
  publisher={Elsevier}
}

@article{ict,
  title={{ICT} 活用授業による学力向上に関する総合的分析評価 (＜特集＞ 学力向上を目指した {ICT} 活用のデザイン・実践・効果)},
  author={清水康敬 and 山本朋弘 and 堀田龍也 and 小泉力一 and 横山隆光},
  journal={日本教育工学会論文誌},
  volume={32},
  number={3},
  pages={293--303},
  year={2008},
  publisher={日本教育工学会}
}

@article{tan,
  title={拡張現実感技術を用いたタンジブルインタフェース},
  author={加藤博一 and 鉄谷信二 and 橘啓八郎},
  journal={芸術科学会論文誌},
  volume={1},
  number={2},
  pages={97--104},
  year={2002},
  publisher={芸術科学会}
}

@article{satou,
  title={複合現実感における位置合わせ手法},
  author={佐藤清秀 and 内山晋二 and 田村秀行},
  journal={日本バーチャルリアリティ学会論文誌},
  volume={8},
  number={2},
  pages={171--180},
  year={2003},
  publisher={特定非営利活動法人 日本バーチャルリアリティ学会}
}

@article{manabe,
  title={拡張現実感システムにおける質感表現 (画像情報に基づく質感表現・認知研究の最前線)},
  author={眞鍋佳嗣},
  journal={光学= Japanese journal of optics: a publication of the Optical Society of Japan, the Japan Society of Applied Physics},
  volume={43},
  number={7},
  pages={312--317},
  year={2014},
  publisher={応用物理学会分科会日本光学会}
}

@article{kanbara,
  title={1 基礎 1: 拡張現実感 ({Augmented} {Reality}: {AR}) 概論 (＜特集＞ 拡張現実感 ({AR}))},
  author={神原誠之},
  journal={情報処理},
  volume={51},
  number={4},
  pages={367--372},
  year={2010},
  publisher={一般社団法人情報処理学会}
}

@article{rekimoto,
  title={拡張現実感技術の将来展望},
  author={暦本純一},
  journal={映像情報メディア学会誌},
  volume={66},
  number={12},
  pages={1048--1053},
  year={2012},
  publisher={一般社団法人 映像情報メディア学会}
}

@article{display,
  title={The ultimate display},
  author={Sutherland, Ivan E},
  journal={Multimedia: From Wagner to virtual reality},
  pages={506--508},
  year={1965}
}

@article{ogawa,
  title={デジタル技術を用いた教育の現状と将来},
  author={小河 智佳子},
  journal={東洋大学大学院紀要= Bulletin of the Graduate School, Toyo University
},
 volume={50},
  pages={101--123},
  year={2014},
  publisher={東洋大学大学院}
}

@article{takahasi,
  title={電子教科書を用いたプログラミング教育},
  author={高橋参吉 and 渡邊耕平 and 松永公廣},
  journal={電子情報通信学会技術研究報告. ET, 教育工学},
  volume={98},
  number={259},
  pages={21--26},
  year={1998},
  publisher={一般社団法人電子情報通信学会}
}

@article{ifip,
author="文部科学省",
title="平成27年度学校における教育の情報化の実態等に関する調査結果（概要）",
journal="Proceedings of IFIP Congress",
year="2018"
}

@misc{chuugakkou,
  title={中学校学習指導要領},
  author={文部科学省},
  year={2008},
  publisher={東山書房}
}

@misc{chuu,
  title={中学校学習指導要領},
  author={文部科学省},
  year={2008},
  publisher={東山書房}
}

@article{shou,
  title={小学校学習指導要領解説 総則編},
  author={文部科学省},
  journal={平成 20 年},
  volume={8},
  year={2017}
}

@article{matsuoka,
  title={平成 20 年版学習指導要領と社会科授業改善の視点},
  author={松岡尚敏 and others},
  journal={宮城教育大学紀要},
  volume={43},
  pages={27--42},
  year={2008}
}

@article{toida,
  title={歴史的思考力の基礎概念としての地理的見方・考え方},
  author={戸井田克己},
  journal={社会科教育研究},
  volume={2004},
  number={91},
  pages={22--33},
  year={2004},
  publisher={日本社会科教育学会}
}

@article{akahori,
  title={学習教材のデバイスとしての i{Pad}・紙・{PC} の特性比較},
  author={赤堀侃司 and 和田泰宜},
  journal={白鴎大学教育学部論集},
  volume={6},
  number={1},
  pages={15--34},
  year={2012},
  publisher={白鴎大学教育学部}
}

@article{kokuban,
  title={電子化黒板に共有された情報への視線集中が受講者の存在感および学習の情意面に与える影響},
  author={佐藤弘毅 and 赤堀侃司},
  journal={日本教育工学会論文誌},
  volume={29},
  number={4},
  pages={501--513},
  year={2006},
  publisher={日本教育工学会}
}

@article{suzuki,
  title={29-3p7 コンピュータリテラシーのない教師のためのチュートリアル教材の作成},
  author={鈴木信也 and 小川正賢},
  journal={日本科学教育学会年会論文集},
  volume={22},
  pages={463--464},
  year={1998},
  publisher={一般社団法人 日本科学教育学会}
}

@article{environment,
  title={教育機器の特性と教室環境 (1): コンピュータは生き残れるか},
  author={鈴木信也 and 小川正賢},
  journal={日本科学教育学会年会論文集},
  volume={23},
  pages={357--358},
  year={1999},
  publisher={一般社団法人 日本科学教育学会}
}

@article{terao,
  title={日本史授業の中の地図利用--日本史と地理の接点を考える},
  author={寺尾隆雄},
  journal={地理教育研究},
  number={1},
  pages={74--78},
  year={2008},
  publisher={全国地理教育学会学会事務局}
}

@article{takezawa,
  title={中学校社会科環境学習のカリキュラム開発: 選択 「社会」・総合的学習との関係において},
  author={竹澤伸一},
  journal={社会科研究},
  volume={62},
  pages={21--30},
  year={2005},
  publisher={全国社会科教育学会}
}

@article{2005,
  title={学校における教育の情報化の実態等に関する調査 (中間調査) 結果},
  author={文部科学省},
  journal={http://www. mext. go. jp/b\_menu/houdou/17/12/05120502. htm},
  year={2005}
}

@article{koizumi,
  title={日本における教育の情報化についての考察：初等中等教育における ICT 活用の現状と課題},
  author={小泉力一 and others},
  journal={尚美学園大学芸術情報学部紀要},
  volume={10},
  pages={33--45},
  year={2006}
}

